@techreport{mayol2001positioning,
  title={On the positioning of wearable optical devices},
  author={Mayol, WW and Tordoff, B and Murray, DW},
  year={2001},
  institution={Technical Report OUEL224101. Oxford University}
}